% Encoding: UTF-8

%NINTENDO DS
%nintendo ds

@misc{nds,
  author = {{Wikipedia}},
  title = {{Nintendo DS}},
  howpublished = "\url{https://en.wikipedia.org/wiki/Nintendo_DS}",
  year = {2004}
}

%versiones

@misc{ndslite,
  author = {{Wikipedia}},
  title = {{Nintendo DS Lite}},
  howpublished = "\url{https://en.wikipedia.org/wiki/Nintendo_DS_Lite}",
  year = {2006}
}

@misc{ndsfamily,
  author = {{Wikipedia}},
  title = {{Nintendo DS Family}},
  howpublished = "\url{https://en.wikipedia.org/wiki/Nintendo_DS_family}",
  year = {2013}
}

@misc{ndsi,
  author = {{Wikipedia}},
  title = {{Nintendo DSi}},
  howpublished = "\url{https://en.wikipedia.org/wiki/Nintendo_DSi}",
  year = {2008}
}

@misc{ndsinintendo,
  author = {{Nintendo}},
  title = {{Nintendo DSi}},
  howpublished = "\url{https://www.nintendo.es/Nintendo-DS/Nintendo-DSi/Nintendo-DSi-Pagina-web-oficial-de-Nintendo-Iberica--116441.html}",
  year = {2020}
}

@misc{ndsixl,
  author = {{Nintendo}},
  title = {{Nintendo DSi XL}},
  howpublished = "\url{https://www.nintendo.es/Nintendo-DS/Nintendo-DSi-XL/Nintendo-DSi-XL-Pagina-web-oficial-de-Nintendo-Iberica-116442.html}",
  year = {2020}
}

%procesadores

@misc{gbatek,
  author = {{Martin Korth}},
  title = {{GBA/NDS Technical Info}},
  howpublished = "\url{http://problemkaputt.de/gbatek.htm#aboutthisdocument}",
  year = {2014}
}

@misc{osdl,
  author = {{Olivier Boudeville}},
  title = {{A guide to homebrew development for the Nintendo DS}},
  howpublished = "\url{http://osdl.sourceforge.net/main/documentation/misc/nintendo-DS/homebrew-guide/HomebrewForDS.html#andnow}",
  year = {2008}
}

@misc{arm9,
  author = {{ARM}},
  title = {{ARM9E-S (Rev 1) Technical Reference Manual}},
  howpublished = "\url{http://ww1.microchip.com/downloads/en/DeviceDoc/doc6178.pdf}",
  year = {2000}
}

@misc{arm7,
  author = {{ARM}},
  title = {{ARM7TDMI (Rev 3) Technical Reference Manual}},
  howpublished = "\url{http://ww1.microchip.com/downloads/en/DeviceDoc/DDI0029G_7TDMI_R3_trm.pdf}",
  year = {2001}
}

@misc{ndsarch,
  author = {{Thomas Farrell, Connor Petilli}},
  title = {{ARCHITECTURE OF THE NINTENDO DS}},
  howpublished = "\url{http://meseec.ce.rit.edu/551-projects/fall2015/3-1.pdf}",
  year = {2015}
}

@misc{arm,
  author = {{Wikipedia}},
  title = {{ARM architecture}},
  howpublished = "\url{https://en.wikipedia.org/wiki/ARM_architecture#32-bit_architecture}",
  year = {2002}
}

@misc{risc,
  author = {{Wikipedia}},
  title = {{Reduced instruction set computing}},
  howpublished = "\url{https://es.wikipedia.org/wiki/Reduced_instruction_set_computing}",
  year = {2011}
}

@misc{ipc,
  author = {{Wikipedia}},
  title = {{Comunicación entre procesos}},
  howpublished = "\url{https://es.wikipedia.org/wiki/Comunicaci%C3%B3n_entre_procesos}",
  year = {2006}
}

%MARCO TEORICO

%mercado

@misc{scene,
  author = {{Wikipedia}},
  title = {{Scene}},
  howpublished = "\url{https://es.wikipedia.org/wiki/Scene}",
  year = {2010}
}

%algoritmos

@misc{palibshape,
  author = {{PAlib}},
  title = {{PAlib: Shape Recognition}},
  howpublished = "\url{http://cravesoft.free.fr/PAlibDocEng/html/group___reco.html#ga925cec3c4c9e826e8c07ee5a2366feb}",
  year = {2008}
}

@misc{palmosarchive,
  author = {{Chuan Ji (jichu4n)}},
  title = {{Archive of Palm OS SDKs}},
  howpublished = "\url{https://github.com/jichu4n/palm-os-sdk}",
  year = {2018}
}

@misc{trabajonuria,
  author = {{Nuria Martínez Soriano}},
  title = {{DESARROLLO DE APLICACIÓN SOBRENINTENDO DS PARA TRANSFERENCIA DE DATOS VÍA WI-FI}},
  howpublished = "\url{https://riunet.upv.es/bitstream/handle/10251/11576/memoria.pdf?sequence=1}",
  year = {2011}
}

@misc{devkitpropalib,
  author = {{devkitPro}},
  title = {{PAlib - devkitPro}},
  howpublished = "\url{https://devkitpro.org/wiki/PAlib}",
  year = {2008}
}

@misc{graffitipalibhow,
  author = {{azyDream}},
  title = {{Palib - Shape Recognition Principle}},
  howpublished = "\url{https://azydream.tistory.com/55}",
  year = {2008}
}

@misc{graffitipalib,
  author = {{Joel Sherrill (joelsherrill)}},
  title = {{PAlib Recognition algorithm from RTEMS}},
  howpublished = "\url{https://github.com/atgreen/RTEMS/blob/master/c/src/lib/libbsp/arm/nds/touchscreen/reco.c}",
  year = {2014}
}

@misc{graffitipalm,
  author = {{Wikipedia}},
  title = {{Graffiti (Palm OS)}},
  howpublished = "\url{https://es.wikipedia.org/wiki/Graffiti_(Palm_OS)}",
  year = {2009}
}

@misc{unistrokes,
  author = {{Xerox Corp}},
  title = {{Unistrokes for computerized interpretation of handwriting }},
  howpublished = "\url{https://patents.google.com/patent/US5596656}",
  year = {1995}
}

%referentes

@misc{magiccat,
  author = {{Google}},
  title = {{Halloween 2016 (Doodle Magic Cat Academy}},
  howpublished = "\url{https://www.google.com/doodles/halloween-2016}",
  year = {2016}
}

@misc{brainageexpressnintendo,
  author = {{Nintendo}},
  title = {{Una pausa con... Brain Training Ciencias}},
  howpublished = "\url{https://www.nintendo.es/Juegos/Nintendo-DSiWare/Una-pausa-con-Brain-Training-Ciencias-261960.html}",
  year = {2009}
}

@misc{brainageexpress,
  author = {{Wikipedia}},
  title = {{Brain Age Express}},
  howpublished = "\url{https://en.wikipedia.org/wiki/Brain_Age_Express}",
  year = {2008}
}

@misc{lostmagicwiki,
  author = {{Wikipedia}},
  title = {{Lost Magic}},
  howpublished = "\url{https://en.wikipedia.org/wiki/LostMagic}",
  year = {2006}
}

@misc{lostmagicwiki2,
  author = {{Vandal}},
  title = {{Análisis Lost Magic}},
  howpublished = "\url{https://vandal.elespanol.com/analisis/nds/lost-magic/5265#p-29}",
  year = {2006}
}

@misc{warioware2,
  author = {{Wikipedia}},
  title = {{WarioWare: Touched!}},
  howpublished = "\url{https://es.wikipedia.org/wiki/WarioWare:_Touched!}",
  year = {2006}
}

@misc{warioware1,
  author = {{Nintendo}},
  title = {{WarioWare: Touched!}},
  howpublished = "\url{https://www.nintendo.es/Juegos/Nintendo-DS/WarioWare-Touched--273564.html}",
  year = {2005}
}

%DESARROLLO/OTROS

@misc{pataterguide,
  author = {{Jaeden Amero}},
  title = {{Introduction to Nintendo DS Programming}},
  howpublished = "\url{https://patater.com/files/projects/manual/manual.html#id2614177}",
  year = {2008}
}

@misc{tonc,
  author = {{Jasper Vijn}},
  title = {{Tonc}},
  howpublished = "\url{http://www.coranac.com/tonc/text/log.htm}",
  year = {2004}
}

\begin{comment}

misc{ladecadence,
  author = {{David Pello González}},
  title = {{LaDecadence}},
  howpublished = "\url{http://wiki.ladecadence.net/doku.php?id=tutorial_de_ensamblador}",
  year = {2015}
}

misc{pandocs,
  author = "Marat Fayzullin, Pascal Felber, Paul Robson and Martin Korth",
  title = {{Pan Docs}},
  howpublished = "\url{http://bgb.bircd.org/pandocs.htm}",
  year = {1998}
}

misc{ninty,
  author = {Nintendo},
  title = {{Manual de Programación para Game Boy}},
  howpublished = "\url{http://index-of.es/Varios-2/Game%20Boy%20Programming%20Manual.pdf}",
  year = {1999}
}

misc{dma,
  author = {Execin},
  title = {{DMA Transfers on Game Boy}},
  howpublished = "\url{https://exez.in/gameboy-dma}",
  year = {2017}
}

misc{rgbds,
  author = {{Anthony J. Bentley}},
  title = {{RGBDS Documentation}},
  howpublished = "\url{https://rednex.github.io/rgbds/}",
  year = {2010}
}

misc{amshool,
  author = {{Randy Mongenel}},
  title = {{Duo’s GameBoy ASMSchool}},
  howpublished = "\url{http://gameboy.mongenel.com/index.html#}",
  year = {2010}
}

misc{flappy,
  author = {{Felipe Alfonso (bitnenfer)}},
  title = {{FlappyBoy}},
  howpublished = "\url{https://github.com/bitnenfer/flappy-boy-asm}",
  year = {2008}
}

misc{gbwiki,
  author = {{nitro2k01}},
  title = {{Game Boy Development Wiki}},
  howpublished = "\url{https://gbdev.gg8.se/wiki/articles/Main_Page}",
  year = {2008}
}

misc{wikipmdr,
  author = {{Wikipedia}},
  title = {{Pokémon Mundo Misterioso: Equipo de Rescate Rojo/Azul}},
  howpublished = "\url{https://es.wikipedia.org/wiki/Pok%C3%A9mon_Mundo_Misterioso:_Equipo_de_Rescate_Azul_y_Equipo_de_Rescate_Rojo}",
  year = {2008}
}

misc{wikipra,
  author = {{Wikipedia}},
  title = {{Pokémon Rojo/Azul}},
  howpublished = "\url{https://es.wikipedia.org/wiki/Pok%C3%A9mon_rojo_y_Pok%C3%A9mon_azul}",
  year = {2008}
}

misc{wikizoa,
  author = {{Wikipedia}},
  title = {{The Legend Of Zelda: Oracle Of Seasons y Oracle Of Ages}},
  howpublished = "\url{https://es.wikipedia.org/wiki/The_Legend_of_Zelda:_Oracle_of_Seasons_y_Oracle_of_Ages}",
  year = {2004}
}

misc{ch,
  author = {{Computing History}},
  title = {{Nintendo Game Boy}},
  howpublished = "\url{http://www.computinghistory.org.uk/det/4033/Nintendo-Game-Boy/}",
  year = {2013}
}

misc{pokediss,
  author = {{Pret}},
  title = {{Pokémon Red/Blue Dissassembly Code}},
  howpublished = "\url{https://github.com/pret/pokered}",
  year = {2019}
}

misc{wikigbf,
  author = {{Wikipedia}},
  title = {{Game Boy Family}},
  howpublished = "\url{https://en.wikipedia.org/wiki/Game_Boy_family}",
  year = {2011}
}

misc{cpudocs,
  author = {{Marc Rawer}},
  title = {{Game Boy CPU Manual}},
  howpublished = "\url{http://marc.rawer.de/Gameboy/Docs/GBCPUman.pdf}",
  year = {1999}
}

misc{adsr,
  author = {{Luis Colomer Blasco}},
  title = {{Acústica Musical}},
  howpublished = "\url{http://cursodeacusticamusical.blogspot.com/2015/12/capitulo-9-envolventes-de-amplitud-y-de.html}",
  year = {2016}
}

misc{catskull,
 author = {{David DeGraw}},
  title = {{Catskull Games}},
  howpublished = "\url{https://catskullgames.com/}",
  year = {2017}
}

misc{xataka,
  author = {{Doctor Ludos}},
  title = {{Cómo hacer un juego para la Game Boy original en pleno 2018: 'Sheep It Up!'}},
  howpublished = "\url{https://www.xataka.com/videojuegos/como-hacer-un-juego-para-la-game-boy-en-2018-sheep-it-up}",
  year = {2018}
}

misc{gbsound,
  author = {{Zalo}},
  title = {{GB Sound Sample Generator}},
  howpublished = "\url{https://github.com/Zal0/GBSoundDemo}",
  year = {2015}
}

misc{marc,
  author = {{Marc Davis}},
  title = {{I will compose 8 bit music for your video game or other projects}},
  howpublished = "\url{https://es.fiverr.com/marc_davs/compose-8-bit-music-for-your-video-game-or-other-projects?context_referrer=search_gigs&source=main_banner&ref_ctx_id=185d161a-e2f0-4ebf-b235-bc4c14845747&pckg_id=1&pos=3}",
  year = {2020}
}
\end{comment}
